@misc{tim_linked_2006,
	title = {Linked {Data} - {Design} {Issues}},
	shorttitle = {Linked {Data}},
	url = {https://www.w3.org/DesignIssues/LinkedData.html},
	urldate = {2019-04-10},
	author = {Berners-Lee,Tim},
	month = jul,
	year = {2006},
	file = {Linked Data - Design Issues:C\:\\Users\\thiery.RGZM\\Zotero\\storage\\T8HZUNBA\\LinkedData.html:text/html}
}

@misc{florian_thiery_2019_2643469,
  author       = {Florian Thiery},
  title        = {{Sphere 7 Data: LOUD and FAIR Data for the Research 
                   Community}},
  month        = apr,
  year         = 2019,
  doi          = {10.5281/zenodo.2643469},
  url          = {https://doi.org/10.5281/zenodo.2643469}
}

@misc{florian_thiery_2018_1421690,
  author       = {Florian Thiery},
  title        = {{Linked Open Geodata in Mainz – Best Practices und 
                   Projekte im Kontext der Humanities}},
  month        = sep,
  year         = 2018,
  doi          = {10.5281/zenodo.1421690},
  url          = {https://doi.org/10.5281/zenodo.1421690}
}

@misc{florian_thiery_2019_2620929,
  author       = {Florian Thiery},
  title        = {{Das Internet als Daten-Netzwerk: Die Zukunft der 
                   Archäologie?}},
  month        = apr,
  year         = 2019,
  doi          = {10.5281/zenodo.2620929},
  url          = {https://doi.org/10.5281/zenodo.2620929}
}

@misc{lodcloud,
	title = {The Linked Open Data Cloud},
	shorttitle = {The Linked Open Data Cloud},
	url = {https://lod-cloud.net/},
	author = {lod-cloud.net},
	year = {2019}
}

@misc{ooo,
	title = {Das OOO-Modell: Open Source - Open Data - Open Access. Wie GIS im Jahre 2016 funktionieren kann},
	shorttitle = {Das OOO-Modell},
	url = {https://meggsimum.de/wp-content/uploads/2016/10/ooo-modell.pdf},
	author = {Christian Mayer},
	year = {2016}
}