
@article{thiery_topi.link:_2019,
	title = {topi.link: {The} {Northern} and {Southern} {Ontology}},
	copyright = {Creative Commons Attribution 4.0 International, Open Access},
	shorttitle = {topi.link},
	url = {https://zenodo.org/record/2635490},
	doi = {10.5281/zenodo.2635490},
	abstract = {The Linked Geodesy Research Project topi.link combines geodesy and Linked Data research questions. Using the Academic{\textless}br{\textgreater}
Meta Tool (AMT), we have a little minion, which addresses the task of inferencing vague graph data. topi.link will give{\textless}br{\textgreater}
access to the AMT world using toponyms as a graph-based vague topology for these toponyms. This paper demonstrates a{\textless}br{\textgreater}
very simple example how to model a north/south ontology using AMT.},
	language = {en},
	urldate = {2019-04-10},
	author = {Thiery, Florian},
	month = apr,
	year = {2019},
	keywords = {Conceptual Modeling, Linked Data, Semantic Reasoning, Vagueness}
}